<?xml version="1.0" encoding="UTF-8"?><collection xmlns="http://www.loc.gov/MARC21/slim"><record><leader>00416nam--2200145-i-4500</leader><controlfield tag="001">000005249</controlfield><controlfield tag="002">20161230</controlfield><controlfield tag="005">20161230201026</controlfield><controlfield tag="008">060222s1000------------r-----000-0-eng-d</controlfield><datafield ind1=" " ind2=" " tag="080"><subfield code="a">621.37.38(076.1)</subfield></datafield><datafield ind1=" " ind2=" " tag="100"><subfield code="a">Bingen,J.N.,Crombez,R.,Deffet,L</subfield></datafield><datafield ind1=" " ind2=" " tag="245"><subfield code="a">Unites de nesure scientifiques et industrielle s.6-e edition</subfield></datafield><datafield ind1=" " ind2=" " tag="260"><subfield code="a">Paris,Eryolles Editeur,1959. Vi + 93p</subfield></datafield><datafield ind1=" " ind2=" " tag="700"><subfield code="a">Croitoru, Victor</subfield></datafield><datafield ind1=" " ind2=" " tag="852"><subfield code="a">11561</subfield></datafield></record></collection>